% Encoding: UTF-8

@Article{Beckers2014,
  author  = {Beckers G. J. and van der Meij J. and Lesku J. A. and Rattenborg N. C.},
  title   = {Plumes of neuronal activity propagate in three dimensions through the nuclear avian brain.},
  journal = {BMC Biology 12(1)},
  year    = {2014},
}

@Article{Buzsaki2012a,
 author   = {Buzsaki G. and Wang X. J.},
 title    = {Mechanisms of Gamma Oscillations},
 journal  = {Annual Review of Neuroscience, 35, 203},
 year     = {2012},
}

@Article{Buzsaki2012b,
 author   = {Buzsaki G. and Anastassiou C. A. and Koch C.},
 title    = {The origin of extracellular fields nad currents-EEG, ECoG, LFP and spikes},
 journal  = {Nature Reviews Neuroscience, 13(6), 407-420},
 year     = {2012},
}

@Article{Calabrese2015,
  author  = {Calabrese A. and Woolley S. M.},
  title   = {Coding principles of the canonical cortical microcircuit in the avian brain.},
  journal = {Proceedings of the National Academy of Sciences, 112(11), 3517-3522},
  year    = {2015},
}

@Book{Cohen1995,
  title     = {Time-frequency Analysis},
  publisher = {Prentice-Hall},
  year      = {1995},
  author    = {Cohen, L.},
}

@Article{Denman2014,
  author  = {Denman D. J. and Contreras D.},
  title   = {The structure of pairwise correlation in mouse primary visual cortex reveals functional organization in the absence of an orientation map.},
  journal = {Cerebral Cortex, 24(10), 2707-2720},
  year    = {2014},
}

@Article{Elie2015a,
  author  = {Elie J. E. and Theunissen F. E.},
  title   = {Meaning in the avian auditory cortex: neural representation of communication calls},
  journal = {European Journal of Neuroscience 41.5: 546-567},
  year    = {2015},
}

@Article{Elie2015b,
  author  = {Elie J. E. and Theunissen F. E.},
  title   = {The vocal repertoire of the domesticated zebra finch: a data-driven approach to decipher the information-bearing acoustic features of communication signals},
  journal = {Animal Cognition, 1-31},
  year    = {2015},
}

@Article{Hamilton2013,
  author  = {Hamilton L. S. and Sohl-Dickstein J. and Huth A. G. and Carels V. M. and Deisseroth K. and Bao S.},
  title   = {Optogenetic activation of an inhibitory network enhances feedforward functional connectivity in auditory cortex},
  journal = {Neuron, 80(4), 1066-1076},
  year    = {2013},
}

@Book{Hastie1990,
  title     = {Generalized Additive Models},
  publisher = {CRC Press},
  year      = {1990},
  author    = {Hastie, T. J., \& Tibshirani, R. J.},
}

@Article{Hsu2004a,
  author  = {Hsu A. and Borst A. and Frederic E. Theunissen},
  title   = {Quantifying variability in neural responses and its application for the validation of model predictions},
  journal = {Network: Computation in Neural Systems, 15(2), 91-109},
  year    = {2004},
}

@Article{Ince2013,
  author  = {Ince R. A. and Panzeri S. and Kayser C.},
  title   = {Neural codes formed by small and temporally precise populations in auditory cortex.},
  journal = {The Journal of Neuroscience, 33(46), 18277-18287},
  year    = {2013},
}

@Article{Kim2011,
  author  = {Kim G. and Doupe A.},
  title   = {Organized representation of spectrotemporal features in songbird auditory forebrain.},
  journal = {The Journal of Neuroscience, 31(47), 16977-16990},
  year    = {2011},
}

@Article{Lakatos2005,
  author  = {Lakatos P. and Shah A. S. and Knuth K. H. and Ulbert I. and Karmos G. and Schroeder C. E.},
  title   = {An oscillatory hierarchy controlling neuronal excitability and stimulus processing in the auditory cortex},
  journal = {Journal of neurophysiology, 94(3), 1904-1911},
  year    = {2005},
}

@Article{Lewis2015,
  author  = {Lewis L. D. and Voigts J. and Flores F. J. and Schmitt L. I. and Wilson M. A. and Halassa M. M. and Brown E. N.},
  title   = {Thalamic reticular nucleus induces fast and local modulation of arousal state},
  journal = {Elife, 4, e08760},
  year    = {2015},
}

@Article{Meliza2012,
  author  = {Meliza C. D. and Margoliash D.},
  title   = {Emergence of selectivity and tolerance in the avian auditory cortex},
  journal = {The Journal of Neuroscience, 32(43), 15158-15168},
  year    = {2012},
}

@Article{Nirenberg2003,
  author  = {Nirenberg S. and Latham P. E.},
  title   = {Decoding neuronal spike trains: how important are correlations?},
  journal = {Proceedings of the National Academy of Sciences, 100(12), 7348-7353},
  year    = {2003},
}

@Article{Panzeri2001,
  author  = {Panzeri S. and Schultz S. R.},
  title   = {A unified approach to the study of temporal, correlational, and rate coding},
  journal = {Neural Computation, 13(6), 1311-1349},
  year    = {2001},
}

@Article{Reimann2013,
  author  = {Reimann M. W. and Anastassiou C. A. and Perin R. and Hill S. L. and Markram H. and Koch C.},
  title   = {A biophysically detailed model of neocortical local field potentials predicts the critical role of active membrane currents},
  journal = {Neuron,79(2), 375-390},
  year    = {2013},
}

@Article{Schneidman2003,
  author  = {Schneidman E. and Bialek W. and Berry M. J.},
  title   = {Synergy, redundancy, and independence in population codes},
  journal = {Journal of Neuroscience, 23(37), 11539-11553},
  year    = {2003},
}

@Article{Schneidman2006,
  author  = {Schneidman E. and Berry M. J. and Segev R. and Bialek W.},
  title   = {Weak pairwise correlations imply strongly correlated network states in a neural population},
  journal = {Nature, 440(7087), 1007-1012},
  year    = {2006},
}

@Article{Shlens2006,
  author  = {Shlens J. and Field G. D. and Gauthier J. L. and Grivich M. I. and Petrusca D. and Sher A. and ... and Chichilnisky E. J.},
  title   = {The structure of multi-neuron firing patterns in primate retina},
  journal = {The Journal of neuroscience, 26(32), 8254-8266},
  year    = {2006},
}

@Article{Quiroga2009,
  author  = {Quiroga R. Q. and Panzeri S.},
  title   = {Extracting information from neuronal populations: information theory and decoding approaches},
  journal = {Nature Reviews Neuroscience, 10(3), 173-185},
  year    = {2009},
}

@Article{Wang2010,
  author  = {Wang Y. and Brzozowska-Prechtl A. and Karten H. J.},
  title   = {Laminar and columnar auditory cortex in avian brain},
  journal = {Proceedings of the National Academy of Sciences, 107(28), 12676-12681},
  year    = {2010},
}

@Article{Weichwald2015,
  author  = {Weichwald S. and Meyer T. and Ozdenizci O. and Schokopf B. and Ball T. and Grosse-Wentrup M.},
  title   = {Causal interpretation rules for encoding and decoding models in neuroimaging},
  journal = {NeuroImage, 110, 48-59},
  year    = {2015},
}

@Book{Zann1996,
  title     = {The zebra finch: a synthesis of field and laboratory studies},
  publisher = {Oxford University Press},
  year      = {1996},
  author    = {Zann, R. A.},
}

@Article{Lisman2013,
  author  = {Lisman J. E. and Jensen O.},
  title   = {The theta-gamma neural code},
  journal = {Neuron, 77(6), 1002-1016},
  year    = {2013},
}

@Article{Theunissen2000,
  author  = {Theunissen F. E. and Sen K. and Doupe A. J.},
  title   = {Spectral-temporal receptive fields of nonlinear auditory neurons obtained using natural sounds},
  journal = {The Journal of Neuroscience, 20(6), 2315-2331},
  year    = {2000},
}

@Article{Suthers1994,
  author  = {Suthers R. A. and Goller F. and Hartley R. S},
  title   = {Motor dynamics of song production by mimic thrushes},
  journal = {Journal of neurobiology, 25(8), 917-936},
  year    = {1994},
}

@Book{Friedman2009,
  title     = {Elements of Statistical Learning, 2nd Edition},
  publisher = {Springer, Berlin: Springer series in statistics},
  year      = {2009},
  author    = {Friedman J. and Hastie T. and Tibshirani R.},
}

@Article{Formisano2003,
  author  = {Formisano E. and Kim D. S. and Di Salle F. and van de Moortele P. F. and Ugurbil K. and Goebel R.},
  title   = {Mirror-symmetric tonotopic maps in human primary auditory cortex.},
  journal = {Neuron, 40(4), 859-869.},
  year    = {2003},
}

@Article{Werbos1990,
  author  = {Werbos PJ},
  title   = {Backpropagation through time: what it does and how to do it.},
  journal = {Proceedings of the IEEE, 78(10), 1550-1560},
  year    = {1990},
}

@Article{Abadi2016,
  author  = {Abadi M. and Agarwal A. and Barham P. and Brevdo E. and Chen, Z. and Citro, C. and ... and Ghemawat S},
  title   = {Tensorflow: Large-scale machine learning on heterogeneous distributed systems.},
  journal = {arXiv preprint arXiv:1603.04467.},
  year    = {2016},
}

@Article{Hsu2004b,
  author  = {Hsu A. and Woolley S. M. and Fremouw T. E. and Theunissen F. E.},
  title   = {Modulation power and phase spectrum of natural sounds enhance neural encoding performed by single auditory neurons.},
  journal = {The Journal of neuroscience, 24(41), 9201-9211},
  year    = {2004},
}

@Article{Pasley2012,
  author  = {Pasley B. N. and David S. V. and Mesgarani N. and Flinker A. and Shamma S. A. and Crone N. E. and ... and Chang E. F.},
  title   = {Reconstructing speech from human auditory cortex.},
  journal = {PLoS Biol, 10(1), e1001251},
  year    = {2012},
}

@Article{Aiken2008,
  author  = {Aiken S. J. and Picton T. W.},
  title   = {Human cortical responses to the speech envelope.},
  journal = {Ear and hearing, 29(2), 139-157},
  year    = {2008},
}

@Article{Woolley2009,
  author  = {Woolley S. M. and Gill P. R. and Fremouw T. and Theunissen F. E.},
  title   = {Functional groups in the avian auditory system.},
  journal = {The Journal of Neuroscience, 29(9), 2780-2793.},
  year    = {2009},
}

@Article{Brainard2013,
  author  = {Brainard M. S. and Doupe A. J.},
  title   = {Translating birdsong: songbirds as a model for basic and applied medical research.},
  journal = {Annual review of neuroscience, 36, 489.},
  year    = {2013},
}

@Article{Singh2003,
  author  = {Singh N. C. and Theunissen F. E.},
  title   = {Modulation spectra of natural sounds and ethological theories of auditory processing.},
  journal = {The Journal of the Acoustical Society of America, 114(6), 3394-3411.},
  year    = {2003},
}

@Article{Nagel2006,
  author  = {Nagel K. I. and Doupe A. J.},
  title   = {Temporal processing and adaptation in the songbird auditory forebrain.},
  journal = {Neuron, 51(6), 845-859.},
  year    = {2006},
}

@Article{Moore2013,
  author  = {Moore R. C. and Lee T. and Theunissen F. E.},
  title   = {Noise-invariant neurons in the avian auditory cortex: hearing the song in noise.},
  journal = {PLoS Comput Biol, 9(3), e1002942.},
  year    = {2013},
}

@Article{Schneider2013,
  author  = {Schneider D. M. and Woolley S. M.},
  title   = {Sparse and background-invariant coding of vocalizations in auditory scenes.},
  journal = {Neuron, 79(1), 141-152.},
  year    = {2013},
}

@Article{Fries2005,
  author  = {Fries, P.},
  title   = {A mechanism for cognitive dynamics: neuronal communication through neuronal coherence.},
  journal = {Trends in cognitive sciences, 9(10), 474-480.},
  year    = {2005},
}

@Article{Krueger2015,
  author  = {Krueger D. and Memisevic R.},
  title   = {Regularizing RNNs by stabilizing activations.},
  journal = {arXiv preprint arXiv:1511.08400.},
  year    = {2015},
}

@Article{Song2016,
  author  = {Song H. F. and Yang G. R. and Wang, X. J.},
  title   = {Training Excitatory-Inhibitory Recurrent Neural Networks for Cognitive Tasks: A Simple and Flexible Framework.},
  journal = {PLoS Comput Biol, 12(2), e1004792.},
  year    = {2016},
}

@Article{Ding2016,
  author  = {Ding N. and Patel A. and Chen L. and Butler H. and Luo C. and Poeppel, D.},
  title   = {Temporal Modulations Reveal Distinct Rhythmic Properties of Speech and Music.},
  journal = {bioRxiv, 059683.},
  year    = {2016},
}

@Comment{jabref-meta: databaseType:bibtex;}
